<?xml version="1.0" encoding="UTF-8"?><collection xmlns="http://www.loc.gov/MARC21/slim"><record><leader>00439nam--2200145-i-4500</leader><controlfield tag="001">000001609</controlfield><controlfield tag="002">20161230</controlfield><controlfield tag="005">20161230201024</controlfield><controlfield tag="008">060222s1000------------r-----000-0-eng-d</controlfield><datafield ind1=" " ind2=" " tag="080"><subfield code="a">621:621.374</subfield></datafield><datafield ind1=" " ind2=" " tag="100"><subfield code="a">Doyle, John M</subfield></datafield><datafield ind1=" " ind2=" " tag="245"><subfield code="a">Pulse fundamentals.2nd edition</subfield></datafield><datafield ind1=" " ind2=" " tag="260"><subfield code="a">Englewood Cliffs, Prentice-hall, Inc., 1973. Xvii + 556 P</subfield></datafield><datafield ind1=" " ind2=" " tag="490"><subfield code="a">Prentice-hall Series In Electronic Technology, Dr.Irving L.Kosow, Editor</subfield></datafield><datafield ind1=" " ind2=" " tag="852"><subfield code="a">42997</subfield></datafield></record></collection>